@article{Sebastiani2001MachineLI,
  title={Machine learning in automated text categorization},
  author={Fabrizio Sebastiani},
  journal={ArXiv},
  year={2001},
  volume={cs.IR/0110053},
  url={https://api.semanticscholar.org/CorpusID:3091}
}

@inproceedings{10.1145/290941.290995,
author = {Mitra, Mandar and Singhal, Amit and Buckley, Chris},
title = {Improving Automatic Query Expansion},
year = {1998},
isbn = {1581130155},
publisher = {Association for Computing Machinery},
address = {New York, NY, USA},
url = {https://doi.org/10.1145/290941.290995},
doi = {10.1145/290941.290995},
booktitle = {Proceedings of the 21st Annual International ACM SIGIR Conference on Research and Development in Information Retrieval},
pages = {206â€“214},
numpages = {9},
location = {Melbourne, Australia},
series = {SIGIR '98}
}

@inproceedings{inproceedings,
author = {Wang, Xuanhui and Fang, Hui and Zhai, ChengXiang},
year = {2008},
month = {07},
pages = {219-226},
title = {A study of methods for negative relevance feedback},
doi = {10.1145/1390334.1390374}
}

@article{Cambria2014JumpingNC,
  title={Jumping NLP Curves: A Review of Natural Language Processing Research [Review Article]},
  author={E. Cambria and Bebo White},
  journal={IEEE Computational Intelligence Magazine},
  year={2014},
  volume={9},
  pages={48-57},
  url={https://api.semanticscholar.org/CorpusID:206451986}
}

